@incollection{alexnet,
title = {ImageNet Classification with Deep Convolutional Neural Networks},
author = {Alex Krizhevsky and Sutskever, Ilya and Hinton, Geoffrey E},
booktitle = {Advances in Neural Information Processing Systems 25},
editor = {F. Pereira and C. J. C. Burges and L. Bottou and K. Q. Weinberger},
pages = {1097--1105},
year = {2012},
publisher = {Curran Associates, Inc.},
url = {http://papers.nips.cc/paper/4824-imagenet-classification-with-deep-convolutional-neural-networks.pdf}
},

@INPROCEEDINGS{yolo, 
author={J. {Redmon} and S. {Divvala} and R. {Girshick} and A. {Farhadi}}, 
booktitle={2016 IEEE Conference on Computer Vision and Pattern Recognition (CVPR)}, 
title={You Only Look Once: Unified, Real-Time Object Detection}, 
year={2016}, 
volume={}, 
number={}, 
pages={779-788}, 
keywords={image classification;image representation;neural nets;object detection;you only look once;unified real-time object detection;object classifiers;bounding boxes;class probabilities;neural network;detection pipeline;detection performance;YOLO model;object representation;DPM;R-CNN;natural images;Computer architecture;Microprocessors;Object detection;Training;Real-time systems;Neural networks;Pipelines}, 
doi={10.1109/CVPR.2016.91}, 
ISSN={1063-6919}, 
month={June}
},

@inproceedings{char_cnn,
    title = "Convolutional Neural Networks for Sentence Classification",
    author = "Kim, Yoon",
    booktitle = "Proceedings of the 2014 Conference on Empirical Methods in Natural Language Processing ({EMNLP})",
    month = oct,
    year = "2014",
    address = "Doha, Qatar",
    publisher = "Association for Computational Linguistics",
    url = "https://www.aclweb.org/anthology/D14-1181",
    doi = "10.3115/v1/D14-1181",
    pages = "1746--1751",
},
@misc{word2vec,
title	= {Efficient Estimation of Word Representations in Vector Space},
author	= {Tomas Mikolov and Kai Chen and Greg S. Corrado and Jeffrey Dean},
year	= {2013},
URL	= {http://arxiv.org/abs/1301.3781}
},

@article{atari,
  author    = {Volodymyr Mnih and
               Koray Kavukcuoglu and
               David Silver and
               Alex Graves and
               Ioannis Antonoglou and
               Daan Wierstra and
               Martin A. Riedmiller},
  title     = {Playing Atari with Deep Reinforcement Learning},
  journal   = {CoRR},
  volume    = {abs/1312.5602},
  year      = {2013},
  url       = {http://arxiv.org/abs/1312.5602},
  archivePrefix = {arXiv},
  eprint    = {1312.5602},
  timestamp = {Mon, 13 Aug 2018 16:47:42 +0200},
  biburl    = {https://dblp.org/rec/bib/journals/corr/MnihKSGAWR13},
  bibsource = {dblp computer science bibliography, https://dblp.org}
},

@inproceedings{active_learn,
    title = "Learning how to Active Learn: A Deep Reinforcement Learning Approach",
    author = "Fang, Meng  and
      Li, Yuan  and
      Cohn, Trevor",
    booktitle = "Proceedings of the 2017 Conference on Empirical Methods in Natural Language Processing",
    month = sep,
    year = "2017",
    address = "Copenhagen, Denmark",
    publisher = "Association for Computational Linguistics",
    url = "https://www.aclweb.org/anthology/D17-1063",
    doi = "10.18653/v1/D17-1063",
    pages = "595--605",
},

@article{function_survey,
  title={Survey of neural transfer functions},
  author={Duch, W{\l}odzis{\l}aw and Jankowski, Norbert},
  journal={Neural Computing Surveys},
  volume={2},
  number={1},
  pages={163--212},
  year={1999},
  url={ftp://ftp.icsi.berkeley.edu/pub/ai/jagota/vol2_6.pdf}
},

@INPROCEEDINGS{resnet, 
author={K. {He} and X. {Zhang} and S. {Ren} and J. {Sun}}, 
booktitle={2016 IEEE Conference on Computer Vision and Pattern Recognition (CVPR)}, 
title={Deep Residual Learning for Image Recognition}, 
year={2016}, 
volume={}, 
number={}, 
pages={770-778}, 
keywords={image classification;learning (artificial intelligence);neural nets;object detection;COCO segmentation;ImageNet localization;ILSVRC & COCO 2015 competitions;deep residual nets;COCO object detection dataset;visual recognition tasks;CIFAR-10;ILSVRC 2015 classification task;ImageNet test set;VGG nets;residual nets;ImageNet dataset;residual function learning;deeper neural network training;image recognition;deep residual learning;Training;Degradation;Complexity theory;Image recognition;Neural networks;Visualization;Image segmentation}, 
doi={10.1109/CVPR.2016.90}, 
ISSN={1063-6919}, 
month={June},},

@article{highwaynet,
  title={Highway Networks},
  author={Rupesh Kumar Srivastava and Klaus Greff and J{\"u}rgen Schmidhuber},
  journal={CoRR},
  year={2015},
  volume={abs/1505.00387}
},

@INPROCEEDINGS{densenet, 
author={G. {Huang} and Z. {Liu} and L. v. d. {Maaten} and K. Q. {Weinberger}}, 
booktitle={2017 IEEE Conference on Computer Vision and Pattern Recognition (CVPR)}, 
title={Densely Connected Convolutional Networks}, 
year={2017}, 
volume={}, 
number={}, 
pages={2261-2269}, 
keywords={convolution;feedforward neural nets;learning (artificial intelligence);DenseNet;traditional convolutional networks;feature propagation;feature reuse;object recognition benchmark tasks;dense convolutional network;vanishing-gradient problem;Training;Convolution;Network architecture;Convolutional codes;Neural networks;Road transportation}, 
doi={10.1109/CVPR.2017.243}, 
ISSN={1063-6919}, 
month={July},},

@article{network_in_network,
  title={Network In Network},
  author={Min Lin and Qiang Chen and Shuicheng Yan},
  journal={CoRR},
  year={2014},
  volume={abs/1312.4400}
}